@Article{Mehrmann:2005:NEP,
  author =       "Volker Mehrmann and Heinrich Voss",
  title =        "Nonlinear Eigenvalue Problems: A Challenge for
                 Modern Eigenvalue Methods",
  journal =      "Mitt. der Ges. f{\"u}r Angewandte Mathematik and
                 Mechanik",
  year =         "2005",
  volume =       "27",
  pages =        "121--151",
  URL =          "http://www.tuhh.de/ins/forschung/rep/rep83.pdf",
}

@Book{Varga:2004:GAC,
  author =       "Richard Varga",
  title =        "Gerschgorin and his circles",
  publisher =    "Springer",
  year =         "2004",
}

@Book{Stewart:1990:MPT,
  author =       "G. W. Stewart and Ji-guang Sun",
  title =        "Matrix Perturbation Theory",
  publisher =    "Academic Press",
  address =      "San Diego, CA",
  year =         "1990",
}

@Misc{Bindel:2006:ROD,
  author =       "David Bindel and Maciej Zworski",
  title =        "Theory and computation of resonances in {1D} scattering",
  howpublished = "\url{http://www.cs.cornell.edu/~bindel/cims/resonant1d/}",
}

@ARTICLE{Zworski:1999:RIP,
  author =       "M. Zworski",
  title =        "Resonances in physics and geometry",
  journal =      "Notices Amer. Math. Soc",
  year =         "1999",
  pages =        "319--328"
}

@article{Blei:2012:Survey,
  author = {David Blei},
  title = {Introduction to probabilistic topic models},
  journal = {Communications of the ACM},
  pages= {77--84},
  year = {2012},
}

@article{Blei:2003:LDA,
  author = {D. Blei and A. Ng and M. Jordan},
  title = {Latent {Dirichlet} Allocation},
  journal = {Journal of Machine Learning Research},
  pages = {993--1022},
  year = {2003}
}

@inproceedings{Arora:2012:AGM,
 author = {Sanjeev Arora and Rong Ge and Ankur Moitra},
 title = {Learning topic models \--- Going Beyond {SVD}},
 booktitle = {FOCS},
 year = 2012,
}

@inproceedings{Arora:2013:Practical,
 title={A Practical Algorithm for Topic Modeling with Provable Guarantees},
 author={Sanjeev Arora and Rong Ge and Yonatan Halpern and David Mimno and Ankur Moitra and David Sontag and Yichen Wu and Michael Zhu},
 booktitle={ICML}, year={2013}
}

@article{Degroot:1974:Opinions,
	Author = {DeGroot, Morris H.},
	Journal = {Journal of the American Statistical Association},
	Pages = {118--121},
	Title = {Reaching a Consensus},
	Volume = 69,
	Year = 1974
}

@inproceedings{Andersen:2006:PR,
  Author = {Reid Andersen and Fan Chung and Kevin Lang},
  Title = {Local graph partitioning using {PageRank} vectors},
  Booktitle = {FOCS},
  Pages = {475–-486},
  Year = 2006
}

@inproceedings{Kloumann:2014:Community,
  Author = {Isabel M. Kloumann and Jon M. Kleinberg},
  Title = {Community membership identification from small seed sets},
  Booktitle = {KDD},
  Pages = {1366-–1375},
  Month = {August},
  Year = 2014
}

@inproceedings{Kloster:2014:Heat,
  Author = {Kyle Kloster and David F. Gleich},
  Title = {Heat kernel based community detection},
  Booktitle = {KDD},
  Pages = {24--27},
  Month = {August},
  Year = {2014}
}

@inproceedings{Kyrola:2012:GLG,
 author = {Kyrola, Aapo and Blelloch, Guy and Guestrin, Carlos},
 title = {{GraphChi}: Large-scale Graph Computation on Just a {PC}},
 booktitle = {Proceedings of the 10th USENIX Conference on Operating Systems Design and Implementation},
 series = {OSDI'12},
 year = {2012},
 isbn = {978-1-931971-96-6},
 location = {Hollywood, CA, USA},
 pages = {31--46},
 numpages = {16},
 url = {http://dl.acm.org/citation.cfm?id=2387880.2387884},
 acmid = {2387884},
 publisher = {USENIX Association},
 address = {Berkeley, CA, USA},
}

@inproceedings{Low:2010:GraphLab,
  author    = {Yucheng Low and
               Joseph Gonzalez and
               Aapo Kyrola and
               Danny Bickson and
               Carlos Guestrin and
               Joseph M. Hellerstein},
  title     = {{GraphLab}: {A} New Framework For Parallel Machine Learning},
  booktitle = {{UAI} 2010, Proceedings of the Twenty-Sixth Conference on Uncertainty
               in Artificial Intelligence, Catalina Island, CA, USA, July 8-11, 2010},
  pages     = {340--349},
  year      = {2010},
  url       = {https://dslpitt.org/uai/displayArticleDetails.jsp?mmnu=1&smnu=2&article_id=2126&proceeding_id=26},
  timestamp = {Wed, 06 May 2015 15:02:56 +0200},
  biburl    = {http://dblp.uni-trier.de/rec/bib/conf/uai/LowGKBGH10},
  bibsource = {dblp computer science bibliography, http://dblp.org}
}

@inproceedings{Malewicz:2010:PSL,
 author = {Malewicz, Grzegorz and Austern, Matthew H. and Bik, Aart J.C and Dehnert, James C. and Horn, Ilan and Leiser, Naty and Czajkowski, Grzegorz},
 title = {Pregel: A System for Large-scale Graph Processing},
 booktitle = {Proceedings of the 2010 ACM SIGMOD International Conference on Management of Data},
 series = {SIGMOD '10},
 year = {2010},
 isbn = {978-1-4503-0032-2},
 location = {Indianapolis, Indiana, USA},
 pages = {135--146},
 numpages = {12},
 url = {http://doi.acm.org/10.1145/1807167.1807184},
 doi = {10.1145/1807167.1807184},
 acmid = {1807184},
 publisher = {ACM},
 address = {New York, NY, USA},
 keywords = {distributed computing, graph algorigthms},
}

@article{Lin:2016:Approximating,
  Author = {Lin, Lin and Saad, Yousef and Yang, Chao},
        Journal = {SIAM Review},
        Number = {1},
        Volume = {58},
        Pages = {34--65},
        Title = {Approximating Spectral Densities of Large Matrices},
        Year = {2016},
        doi = {10.1137/130934283},
        url = {http://dx.doi.org/10.1137/130934283}}

@article{Weisse:2006:The-kernel,
        Author = {Weisse, Alexander and Wellein, Gerhard and
                  Alvermann, Andreas and Fehske, Holger},
        Journal = {Review of Modern Physics},
        Title = {The kernel polynomial method},
        Volume = {78},
        Year = {2006},
        doi = {10.1103/RevModPhys.78.275},
        url = {http://dx.doi.org/10.1103/RevModPhys.78.275}}
