---
---

@article{2024-ieee-big-data,
  author = {Wang, Meng and Yang, Yanhao and Bindel, David and He, Kun},
  title = {Streaming Local Community Detection Through Approximate Conductance},
  journal = {IEEE Transactions on Big Data},
  volume = {10},
  year = {2024},
  month = feb,
  pages = {12--22},
  doi = {10.1109/TBDATA.2023.3310251},
  arxiv = {2110.14972}
}

@techreport{2023-siads,
  author = {Ruth, Maximillian and Bindel, David},
  title = {Level Set Learning for Poincar√© Plots of Symplectic Maps},
  Month = {December},
  Year = {2023},
  arxiv = {2312.00967},
  link = {http://arxiv.org/pdf/2312.00967},
  note = {Submitted to SIAM Dynamical Systems},
  status = {unrefereed},
}

@InProceedings{2023-neurips,
  author = {Zhu, Xinran and Wu, Kaiwen and Maus, Natalie and Gardner, Jacob R. and Bindel, David S.},
  title = {Variational Gaussian Processes with Decoupled Conditionals},
  booktitle = {Advances in Neural Information Processing Systems 2023},
  year = {2023},
  month = {dec},
  link = {https://openreview.net/forum?id=nwK8UkK3uB}
}

@InProceedings{2023-arith,
  author =       {Kellison, Ariel E. and Appel, Andrew W. and Tekriwal, Mohit and Bindel, David S.},
  title =        {{LAProof}: A Library of Formal Proofs of Accuracy and Correctness for Linear Algebra Programs},
  booktitle = {Proceedings of the 30th IEEE International Symposium on Computer Arithhmetic (ARITH)},
  year =         {2023},
  month =        {September},
  link = {https://github.com/ak-2485/ak-2485.github.io/blob/master/laproof.pdf}
}

@InProceedings{2023-cicm,
  author =       {Tekriwal, Mohit and Appel, Andrew W. and Kellison, Ariel E. and Jeannin, Jean-Baptiste and Bindel, David S.},
  title =        {Verified Correctness, Accuracy, and Convergence of a Stationary Iterative Linear Solver: Jacobi Method},
  booktitle =    {Proceedings of the 16th Conference on Intelligent Computer Mathematics (CICM)},
  year =         {2023},
  month =        {September},
  link = {https://www.cs.princeton.edu/~appel/papers/jacobi.pdf}
}

@article{2023-jpp,
  author = {Bindel, David and Landreman, Matt and Padidar, Misha},
  title = {Understanding Trade-offs in Stellarator Design with Multi-objective Optimization},
  journal = {Journal of Plasma Physics},
  volume = {85},
  number = {5},
  pages = {905890503},
  year = {2023},
  arxiv = {2304.08698},
  doi={10.1017/S0022377823000788}
}

@article{2023-ppcf,
  author = {Bindel, David and Landreman, Matt and Padidar, Misha},
  title = {Direct Optimization of Fast-Ion Confinement in Stellarators},
  journal = {Plasma Physics and Controlled Fusion},
  volume = {65},
  pages = {065012},
  year = {2023},
  arxiv = {2302.11369},
  doi={10.1088/1361-6587/acd141}
}

@article{2023-tmlr,
  title =   {Bayesian Transformed Gaussian Processes},
  author =  {Xinran Zhu and Leo Huang and Eric Hans Lee and 
             Ibrahim, Cameron Alexander and David Bindel},
  journal = {Transactions on Machine Learning Research},
  issn    = {2835-8856},
  year    = {2023},
  link    = {https://openreview.net/forum?id=4zCgjqjzAv},
  arxiv   = {2210.10973}
}

@InProceedings{2023-aistats,
  title = 	 {Surveillance Evasion Through Bayesian Reinforcement Learning},
  author =       {Qi, Dongping and Bindel, David and Vladimirsky, Alexander},
  booktitle = 	 {Proceedings of The 26th International Conference on Artificial Intelligence and Statistics},
  pages = 	 {8448--8462},
  year = 	 {2023},
  editor = 	 {Ruiz, Francisco and Dy, Jennifer and van de Meent, Jan-Willem},
  volume = 	 {206},
  series = 	 {Proceedings of Machine Learning Research},
  month = 	 {25--27 Apr},
  publisher =    {PMLR},
  arxiv = 	 {2109.14811},
  link = 	 {https://proceedings.mlr.press/v206/qi23a.html},
}

@inproceedings{2022-neurips,
  author = {Zhu, Xinran and Gardner, Jacob and Bindel, David},
  title = {Efficient Variational {Gaussian} Processes Initialization via Kernel-based Least Squares Fitting},
  month = {December},
  year = {2022},
  booktitle = {Proceedings of NeurIPS 2022 Workshop on Gaussian Processes, Spatiotemporal Modeling, and Decision-making Systems},
  link = {https://gp-seminar-series.github.io/neurips-2022/assets/camera_ready/35.pdf}
}

@article{2022-stellarator,
  author = {Glas, Silke and Padidar, Misha and Kellison, Ariel and Bindel, David},
  title = {Global Stochastic Optimization of Stellarator Coil Configurations},
  month = {April},
  year = {2022},
  volume = {88},
  number = {2},
  journal = {Journal of Plasma Physics},
  arxiv = {2110.07464},
  link = {https://doi.org/10.1017/S002237782200023X},
  doi = {10.1017/S002237782200023X}
}

@inproceedings{2022-siam-pp,
  author = {Zhu, Xinran and Liu, Yang and Ghysels, Pieter and Bindel, David and Li, Xiaoye S.},
  title = {{GPTuneBand}: Multi-task and Multi-fidelity Autotuning for Large-scale High Performance Computing Applications},
  booktitle = {Proceedings of the SIAM Conference on Parallel Processing},
  month = {February},
  year = {2022},
  link = {https://crd.lbl.gov/assets/Uploads/GPTuneBand.pdf}
}

@article{2022-ems,
  author = {Pang, Min and Shoemaker, Christine A. and Bindel, David},
  title = {Early termination strategies with asynchronous parallel optimization in application to automatic calibration of groundwater {PDE} models},
  month = {January},
  year = {2022},
  volume = {147},
  pages = {105237},
  journal = {Environmental Modelling and Software},
  doi = {10.1016/j.envsoft.2021.105237},
  link = {https://doi.org/10.1016/j.envsoft.2021.105237}
}

@inproceedings{2021-neurips,
  author = {Padidar, Misha and Zhu, Xinran and Huang, Leo and Gardner, Jacob and Bindel, David},
  title = {Scaling {Gaussian} Processes with Derivative Information Using Variational Inference},
  month = {December},
  year = {2021},
  booktitle = {Proceedings of NeurIPS 2021},
  link = {https://proceedings.neurips.cc/paper/2021/file/32bbf7b2bc4ed14eb1e9c2580056a989-Paper.pdf}
}

@techreport{2021-streaming,
  author = {Yang, Yanhao and Wang, Meng and Bindel, David and He, Hun},
  title = {Streaming Local Community Detection through Approximate Conductance},
  month = {October},
  year = {2021},
  arxiv = {2110.14972},
  link = {http://arxiv.org/pdf/2110.14972},
  status = {unrefereed},
}

@techreport{2021-surveillance,
  author = {Qi, Dongping and Bindel, David and Vladimirsky, Alex},
  title = {Surveillance Evasion through {Bayesian} Reinforcement Learning},
  Month = {September},
  Year = {2021},
  arxiv = {2109.14811},
  link = {http://arxiv.org/pdf/2109.14811},
  status = {unrefereed},
}

@inproceedings{2021-icml,
  Author = {Lee, Moontae and Cho, Sungjun and Dong, Kun and Mimno, David and Bindel, David},
  Title = {On-the-Fly Rectification for Robust Large-Vocabulary Topic Inference},
  Booktitle = {Proceedings of the 38th International Conference on Machine Learning},
  pages = {6087--6097},
  volume = {139},
  month = {July},
  year = {2021},
  link = {http://proceedings.mlr.press/v139/lee21c.html}
}

@inproceedings{2021-sdm,
  Author = {Huang, Leo and Graven, Andrew and Bindel, David},
  Title = {Density of States Graph Kernels},
  Booktitle = {Proceedings of the 2021 SIAM International Conference on Data Mining},
  pages = {289--297},
  year = {2021},
  link = {https://doi.org/10.1137/1.9781611976700.33},
  doi = {10.1137/1.9781611976700.33}
}

@article{2020-tog,
  Author = {Xia, Mengqi and Walter, Bruce and Michielssen, Eric and Bindel, David and Marschner, David},
  Title = {A wave optics based fiber scattering model},
  Journal = {ACM Transactions on Graphics},
  Month = {December},
  Volume = {39},
  Issue = {6},
  Pages = {252},
  doi = {10.1145/3414685.3417841},
}

@inproceedings{2020-icml,
  Author = {Delbridge, Ian and Bindel, David and Wilson, Andrew Gordon},
  Title = {Randomly projected additive {Gaussian} processes for regression},
  Booktitle = {Proceedings of Machine Learning and Systems 2020},
  pages = {7526--7536},
  year = {2020},
  link = {https://proceedings.icml.cc/static/paper_files/icml/2020/4272-Paper.pdf},
  talk = {https://icml.cc/virtual/2020/poster/6248}
}

@inproceedings{2020-uai,
  Author = {Lee, Eric Hans and Eriksson, David and Bindel, David and Cheng, Bolong},
  Title = {Efficient Rollout Strategies for Bayesian Optimization},
  Month = {July},
  Year = {2020},
  arxiv = {2002.10539},
  link = {http://auai.org/uai2020/proceedings/124_main_paper.pdf},
  Booktitle = {Proceedings of Uncertainty in Artificial Intelligence 2020},
  pages = {124},
}

@inproceedings{2020-cvpr,
  Author = {Wilson, Kyle and Bindel, David},
  Title = {On the Distribution of Minima in Intrinsic-Metric Rotation Averaging},
  Booktitle = {Proceedings of CVPR 2020},
  Month = {June},
  Year = {2020},
  arxiv = {2003.08310},
  link = {https://arxiv.org/abs/2003.08310},
  submit = {accepted}
}

@inproceedings{2020-aistats,
  Author = {Lee, Moontae and Bindel, David and Mimno, David},
  Title = {Prior-Aware Composition Inference for Spectral Topic Models},
  Booktitle = {Proceedings of AISTATS 2020, PMLR 108},
  Month = {June},
  Year = {2020},
  pages = {4258--4268},
  link = {https://proceedings.mlr.press/v108/lee20c.html}
}

@inproceedings{2019-emnlp,
  Author = {Lee, Moontae and Cho, Sungjun and Bindel, David and Mimno, David},
  Title = {Practical Correlated Topic Modeling and Analysis via the Rectified Anchor Word Algorithm},
  Booktitle = {Proceedings of EMNLP 2019},
  Month = {November},
  Year = {2019}
}

@techreport{2019-pysot,
  Author = {Eriksson, David and Bindel, David and Shoemaker, Christine},
  Title = "{pySOT} and {POAP}: An event-driven asynchronous framework for surrogate optimization",
  Month = aug,
  Year = 2019,
  arxiv = {1908.00420},
  link = {https://arxiv.org/pdf/1908.00420},
  status = {unrefereed},
  submit = {Submitted to ACM Transactions on Mathematical Software.}
}

@article{2019-tkdd,
  Author = {Shi, Pan and He, Kun and Bindel, David and Hopcroft, John},
  Title = {Krylov Subspace Approximation for Local Community Detection in Large Networks},
  Journal = {ACM Transactions on Knowledge Discovery from Data},
  Month = {October},
  Year = {2019},
  doi = {10.1145/3340708},
  arxiv = {1712.04823}
}

@inproceedings{2019-kdd,
  Author = {Dong, Kun and Benson, Austin R. and Bindel, David},
  Title = {Network density of states},
  Booktitle = {Proceedings of KDD},
  Month = {August},
  Year = {2019},
  arxiv = {1905.09758},
  doi = {10.1145/3292500.3330891},
  notable = {Best research paper award}
}

@inproceedings{2019-tpm,
  Author = {Delbridge, Ian and Bindel, David and Wilson, Andrew Gordon},
  Title = {Ramdomly Projected Additive Gaussian Processes},
  Booktitle = {Proceedings of the Third Workshop on Tractable Probabilistic Modelnig (TPM 2019)},
  Month = {June},
  Year = {2019},
  link = {https://drive.google.com/file/d/1JhqA4nE6pZTBE6p9vTRlgAAfFAoo21h7/view}
}

@article{2019-subspace,
  Author = {Gilles, Marc Aur\'ele and Earls, Christopher and Bindel, David},
  Title = {A subspace pursuit method to infer refractivity in the marine atmospheric boundary layer},
  Journal = {IEEE Transactions on Geosciences and Remote Sensing},
  Volume = {57},
  Number = {8},
  Pages = {5606--5617},
  Month = {August},
  Year = {2019},
  arxiv = {1901.06432},
  doi = {10.1109/TGRS.2019.2900582}
}

@article{2019-knosys,
  Author = {Shi, Pan and He, Kun and Bindel, David and Hopcroft, John},
  Title = {Locally-biased Spectral Approximation for Community Detection},
  Journal = {Knowledge-Based Systems},
  Volume = {164},
  Pages = {459--472},
  Year = {2019},
  doi = {10.1016/j.knosys.2018.11.012}
}

@inproceedings{2018-nips-a,
  Author = {Eriksson, David and Dong, Kun and Lee, Eric and Bindel, David and Wilson, Andrew Gordon},
  Title = {Scaling {Gaussian} Process Regression with Derivatives},
  Booktitle = {Proceedings of NeurIPS 2018},
  Month = {December},
  Year = {2018},
  arxiv = {1810.12283.pdf},
  link = {http://papers.nips.cc/paper/7919-scaling-gaussian-process-regression-with-derivatives}
}

@inproceedings{2018-nips-b,
  Author = {Gardner, Jacob and Pleiss, Geoff and Weinberger, Killian and Bindel, David and Wilson, Andrew Gordon},
  Title = {{GPyTorch}: Blackbox Matrix-Matrix {Gaussian} Process Inference with {GPU} Acceleration},
  Booktitle = {Proceedings of NeuroIPS 2018},
  Month = {December},
  Year = {2018},
  arxiv = {1809.11165.pdf},
  link = {http://papers.nips.cc/paper/7985-gpytorch-blackbox-matrix-matrix-gaussian-process-inference-with-gpu-acceleration}
}

@article{2018-sisc,
  Author = {Ponce, Colin and Bindel, David and Vassilevski, Panayot},
  Title = {A Nonlinear Algebraic Multigrid Framework for the Power Flow Equations},
  Journal = {SIAM Journal of Scientific Computing},
  Volume = {40},
  Number = {3},
  Pages = {B812--B833},
  Year = {2018},
  doi = {10.1137/16M1109965}
}

@article{2018-tkdd,
  Author = {Li, Yixuan and Kloster, Kyle and He, Kun and Bindel, David and Hopcroft, John},
  Title = {Local Spectral Clustering for Overlapping Community Detection},
  Journal = {ACM Transactions on Knowledge Discovery from Data},
  Volume = {12},
  Number = {2},
  Pages = {17},
  Year = {2018},
  doi = {10.1145/3106370},
}

@InProceedings{2017-nips,
  Author = {Dong, Kun and Eriksson, David and Nickisch, Hannes and Bindel, David and Wilson, Andrew Gordon},
  Booktitle = {Proceedings of NIPS 2017},
  Title = {Scalable Log Determinants for Gaussian Process Kernel Learning},
  Year = {2017},
  month = dec,
  link = {https://arxiv.org/pdf/1711.03481.pdf},
  arxiv = {1711.03481.pdf},
}

@InProceedings{2017-informs,
  Author = {Lee, Moontae and Bindel, David and Mimno, David},
  Title = {From Correlation to Hierarchy: Practical Topic Modeling via Spectral Inference},
  Booktitle = {Proceedings of the 12th INFORMS Workshop on Data Mining and Decision Analytics},
  Year = {2017},
  Month = oct,
  notable = {Best student paper award}
}

@InProceedings{2017-ecml-pkdd,
  Author =       {Shi, Pan and He, Kun and Bindel, David and Hopcroft, John},
  Title =        {Local Lanczos Spectral Approximation for Community Detection},
  Booktitle =    {Proceedings of ECML-PKDD},
  Year =         {2017},
  Month =        sep,
}

@article{2017-tps,
  Author = {Ponce, Colin and Bindel, David},
  Title = {{FLiER}: Practical Topology Update Detection Using Sparse {PMU}s},
  Journal = {IEEE Transactions on Power Systems},
  Volume = {32},
  Number = {6},
  Pages = {4222--4232},
  Year = {2017},
  doi = {10.1109/TPWRS.2017.2662002},
}

@techreport{2016-transient-tr,
  Author = {Hood, Amanda and Bindel, David},
  Title = "Pseudospectral bounds on transient growth for higher order and constant delay differential equations",
  Month = {November},
  Year = {2016},
  arxiv = {1611.05130},
  link = {http://arxiv.org/pdf/1611.05130},
  status = {unrefereed},
  submit = {Submitted to SIAM Journal on Matrix Analysis and Applictions.}
}

@inproceedings{2016-rotations,
  Author = {Wilson, Kyle and Bindel, David and Snavely, Noah},
  Booktitle = {Proceedings of ECCV 2016},
  Title = {When is Rotations Averaging Hard?},
  Month = {October},
  Year = {2016},
}

@inproceedings{2016-losp-kdd,
  Author = {He, Kun and Shi, Pan and Hopcroft, John and Bindel, David},
  Booktitle = {KDD Workshop on Mining and Learning with Graphs},
  Title = {Local Spectral Diffusion for Robust Community Detection},
  Month = {August},
  Year = {2016},
}

@techreport{2016-flier-tr,
  Author = {Ponce, Colin and Bindel, David},
  Title = "{FLiER}: Practical Topology Update Detection Using Sparse {PMU}s",
  Month = {July},
  Year = {2016},
  arxiv = {1409.6644},
  link = {http://arxiv.org/pdf/1409.6644v3},
  code = {https://github.com/cponce512/FLiER_Test_Suite/},
  status = {unrefereed},
  submit = {Accepted by IEEE Transactions on Power Systems.}
}

@article{2016-sensors,
  Author = {Yilmaz, Erdal and Bindel, David},
  Title = {Temperature Sensitivity and Shape Optimization of
           Solid-State Wave Gyroscopes},
  Journal = {IEEE Sensors},
  Volume = {16},
  Number = {6},
  Pages = {6213--6221},
  Year = {2016},
  doi = {10.1109/JSEN.2016.2580670}
}

@inproceedings{2016-hh-workshop,
  Author = {Yilmaz, Erdal and Bindel, David},
  Booktitle = {Proceedings of the Hilton Head Solid-Sate Sensor and
               Actuator Workshop 2016},
  Title = {Temperature Sensitivity of Solid-Wave Gyroscopes (Late News)},
  Month = {June},
  Year = {2016},
}

@article{2015-sirev,
  Author = {Bindel, David and Hood, Amanda},
  Title = {Localization Theorems for Nonlinear Eigenvalues},
  Journal = {SIAM Review},
  Publisher = {SIAM},
  Volume = {57},
  Number = {4},
  Pages = {585--607},
  Month = {December},
  Year = {2015},
  notable = {SIGEST feature article.},
  doi = {10.1137/15M1026511}
}

@inproceedings{2015-middleware,
  Author = {Gencer, Adam Efe and Sirer, Emin Gun and
            Van Renesse, Robbert and Bindel, David},
  Title = {Configuring Distributed Computations Using Response Surfaces},
  Booktitle = {Proceedings of Middleware 2015},
  Month = {December},
  Year = {2015},
  notable = {Best student paper.},
  doi = {10.1145/2814576.2814730}
}

@inproceedings{2015-nips,
  Author = {Lee, Moontae and Bindel, David and Mimno, David},
  Title = {Robust Spectral Inference for
           Joint Stochastic Matrix Factorization},
  Booktitle = {Proceedings of NIPS 2015},
  Pages = {2710--2718},
  Month = {December},
  Year = {2015},
}

@inproceedings{2015-icdm,
  Author = {He, Kun and Sun, Yiwei and Bindel, David and
            Hopcroft, John and Li, Yixuan},
  Title = {Detecting Overlapping Communities from
           Local Spectral Subspaces},
  Booktitle = {Proceedings of ICDM 2015},
  Month = {November},
  Year = {2015},
  doi = {10.1109/ICDM.2015.89},
  arxiv = {1509.08065}
}

@inproceedings{2015-edgeppr,
  Author = {Xie, Wenlei and Bindel, David and Demers, Alan and
            Gehrke, Johannes},
  Booktitle = {Proceedings of ACM KDD 2015},
  Title = {Edge-Weighted Personalized {PageRank}:
           Breaking A Decade-Old Performance Barrier},
  Month = {August},
  Year = {2015},
  doi = {10.1145/2783258.2783278},
  notable = {Best student paper award.},
  code = {https://github.com/wenleix/EdgePPR},
  slides = {present/2015-08-kdd-talk_kdd-aug15.pdf},
  talk = {https://www.youtube.com/watch?v=Cop9Arcw6wY}
}

@article{2015-geb,
  Author = {Bindel, David and Kleinberg, Jon and Oren, Sigal},
  Title = {How Bad is Forming Your Own Opinion?},
  Journal = {Games and Economic Behavior},
  Volume = {92},
  Number = {C},
  Year = {2015},
  Pages = {248--265},
  doi = {10.1016/j.geb.2014.06.004},
  arxiv = {1203.2973}
}

@techreport{2015-rsc,
  Author = {Chadwick, Jeffrey and Bindel, David},
  Title = {An Efficient Solver for Sparse Linear Systems Based on
           Rank-Structured {Cholesky} Factorization},
  Month = {July},
  Year = {2015},
  arxiv = {1507.05593},
  link = {http://arxiv.org/pdf/1507.05593},
  code = {https://github.com/jeffchadwick/rank_structured_cholesky},
  status = {unrefereed}
}

@inproceedings{2015-www,
  Author = {Li, Yixuan and He, Kun and Bindel, David and Hopcroft, John},
  Title = {Uncovering the Small Community Structure in Large Networks:
           A Local Spectral Approach},
  Booktitle = {Proceedings of WWW 2015},
  Month = {May},
  Year = {2015},
  doi = {10.1145/2736277.2741676},
  arxiv = {1509.07715}
}

@inproceedings{2015-siam-ns,
  Author = {Dong, Kun and Bindel, David},
  Title = {Modified Kernel Polynomial Method for Estimating Graph Spectra},
  Booktitle = {SIAM Network Science 2015 (poster)},
  Month = {May},
  Year = {2015}
}

@article{2014-matcont,
  Author = {Bindel, David and Friedman, Mark and Govaerts, Willy and
            Hughes, Jeremy and Kuznetsov, Yuri A.},
  Title = "Numerical Computation of Bifurcations in
           Large Equilibrium Systems in {MATLAB}",
  Journal = {Journal of Computational and Applied Mathematics},
  Volume = {261},
  Pages = {232--248},
  Year = {2014},
  doi = {10.1016/j.cam.2013.10.034}
}

@article{2013-simax,
  Author = {Bindel, David and Hood, Amanda},
  Title = {Localization Theorems for Nonlinear Eigenvalues},
  Journal = {SIAM Journal on Matrix Analysis},
  Volume = {34},
  Number = {4},
  Pages = {1728--1749},
  Year = {2013},
  doi = {10.1137/130913651},
  arxiv = {http://arxiv.org/abs/1303.4668},
  notable = {2015 SIAG/LA award (best journal paper in applied LA in three years).}
}

@techreport{2013-nep,
  Author = {Bindel, David and Hood, Amanda},
  Title = {Localization Theorems for Nonlinear Eigenvalues},
  Month = {August},
  Year = {2013},
  arxiv = {1303.4668},
  link = {http://arxiv.org/pdf/1303.4668},
  status = {unrefereed},
  submit = {Appeared in SIAM Journal on Matrix Analysis
            and Applications in 2013.}
}

@inproceedings{2013-sensors,
  Author = {Yilmaz, Erdal and Bindel, David},
  Title = {Effects of imperfections on solid-wave gyroscope dynamics},
  Booktitle = {Proceedings of IEEE SENSORS 2013},
  Month = {November},
  Year = {2013},
  doi = {10.1109/ICSENS.2013.6688462}
}

@article{2013-blockgrace,
  Author = {Xie, Wenlei and Wang, Guozhang and Bindel, David and
            Demers, Alan and Gehrke, Johannes},
  Journal = {Proceedings of the VLDB Endowment},
  Number = {14},
  Pages = {2014--2025},
  Publisher = {VLDB Endowment},
  Title = {Fast Iterative Graph Computation with Block Updates},
  Volume = {6},
  Year = {2013},
  doi = {10.14778/2556549.2556581},
  code = {https://github.com/wenleix/BlockGRACE}
}

@article{2012-mems-opt,
  Author = {He, Wei and Bindel, David and Govindjee, Sanjay},
  Title = {Topology Optimization in Micromechanical Resonator Design},
  Journal = {Optimization and Engineering},
  Volume = {13},
  Number = {2},
  Year = {2012},
  doi = {10.1007/s11081-011-9139-1}
}

@inproceedings{2011-socc,
  Author = {Zou, Tao and Wang, Guozhang and Vaz Salles, Marcos and
            Bindel, David and Demers, Alan and Gehrke, Johannes and
            White, Walker},
  Title = {Making Time-Stepped Applications Tick in the Cloud},
  Booktitle = {Proceedings of the Second
               ACM Symposium on Cloud Computing (SOCC)},
  Month = {October},
  Year = {2011},
  doi = {10.1145/2038916.2038936}
}

@inproceedings{2011-focs,
  Author = {Bindel, David and Oren, Sigal and Kleinberg, Jon},
  Title = {How Bad is Forming Your Own Opinion?},
  Booktitle = {Proceedings of the 52nd IEEE Symposium on
               Foundations of Computer Science (FOCS)},
  Month = {October},
  Year = {2011},
  doi = {10.1109/FOCS.2011.43},
  arxiv = {1203.2973}
}

@techreport{2009-topology,
  Author = {He, Wei and Bindel, David and Govindjee, Sanjay},
  Title = {Topology Optimization in Micromechanical Resonator Design},
  Number = {UCB/SEMM-2009/04},
  Institution = {Structural Engineering Mechanics and Materials,
                 Department of Civil and Environmental Engineering,
                 University of California, Berkeley},
  Month = {December},
  Year = {2009},
  status = {unrefereed},
  submit = {Appeared in Optimization and Engineering in 2012}
}

@article{2009-tons,
  Author = {Zhao, Yao and Chen, Yan and Bindel, David},
  Title = {Towards Unbiased End-to-End Network Diagnosis},
  Journal = {IEEE/ACM Transactions on Networking},
  Volume = {17},
  Number = {6},
  Pages = {1724--1737},
  Month = {December},
  Year = {2009},
  doi = {10.1109/TNET.2009.2022158}
}

@article{2008-cis,
  Author = {Bindel, David and Demmel, James and Friedman, Mark},
  Title = {Continuation of Invariant Subspaces in
           Large Bifurcation Problems},
  Journal = {SIAM Journal on Scientific Computing},
  Volume = {30},
  Number = {2},
  Pages = {637--656},
  Month = {February},
  Year = {2008},
  doi = {10.1137/060654219}
}

@article{2007-tons,
  Author = {Chen, Yan and Bindel, David and Song, Hanhee and
            Chavez, Brian and Katz, Randy},
  Title = {Algebra-Based Scalable Overlay Network Monitoring:
           Algorithms, Evaluation, and Applications},
  Journal = {ACM Transactions on Networking},
  Volume = {15},
  Number = {5},
  Pages = {1084--1097},
  Month = {October},
  Year = {2007},
  doi = {10.1109/TNET.2007.896251}
}

@inproceedings{2007-sound,
  Author = {Bruyns-Maxwell, Cynthia and Bindel, David},
  Title = {Modal Parameter Tracking for Shape Changing Objects},
  Booktitle = {Proceedings of DAFx 2007},
  Month = {September},
  Year = {2007}
}

@article{2007-symmetry,
  Author = {Bindel, David and Zworski, Maciej},
  Title = {Symmetry of Bound and Antibound States in the Semiclassical Limit},
  Journal = {Letters in Math Physics},
  Volume = {81},
  Number = {2},
  Pages = {107--117},
  Month = {August},
  Year = {2007},
  doi = {10.1007/s11005-007-0178-7}
}

@inproceedings{2006-para,
  Author = {Demmel, James and Dongarra, Jack and Parlett, Beresford and
            Kahan, William and Gu, Ming and Bindel, David and
            Hida, Yozo and Li, Xiaoye and Marques, Osni and
            Riedy, Jason and Voemel, Christof and Langou, Julien and
            Lusczek, Piotr and Kurzak, Jakub and Butarri, Alfredo and
            Langou, Julie and Tomov, Stanimire},
  Title = {Prospectus for the Next {LAPACK} and {ScaLAPACK} Libraries},
  Booktitle = {Proceedings of PARA 2006},
  Pages = {11--23},
  Year = {2006}
}

@inproceedings{2006-sound,
  Author = {Bruyns, Cynthia and Bindel, David},
  Title = {Shape Changing Symmetric Objects for Sound Synthesis},
  Booktitle = {Proceedings of 121st AES},
  Month = {October},
  Year = {2006}
}

@phdthesis{2006-dissertation,
  Author = {Bindel, David},
  Title = {Structured and Parameter-Dependent Eigensolvers for
           Simulation-Based Design of Resonant {MEMS}},
  School = {University of California, Berkeley},
  Month = {August},
  Year = {2006},
  status = {unrefereed},
  submit = {Appears as Tech Report EECS-2006-109.},
  notable = {2008 Householder Award (best NLA thesis over three years)}
}

@inproceedings{2006-sigcomm,
  Author = {Zhao, Yao and Chen, Yan and Bindel, David},
  Title = {Toward Unbiased End-to-End Network Diagnosis},
  Booktitle = {Proceedings of SIGCOMM 2006},
  Pages = {219--230},
  Year = {2006},
  doi = {10.1145/1151659.1159939}
}

@inproceedings{2006-sigmetrics,
  Author = {Zhao, Yao and Chen, Yan and Bindel, David},
  Title = {Toward Deterministic Overlay Diagnosis},
  Booktitle = {ACM SIGMETRICS/Performance 2006},
  Pages = {387--388},
  Year = {2006},
  doi = {10.1145/1140277.1140333}
}

@techreport{2006-cis,
  Author = {Bindel, David and Demmel, James},
  Title = {Continuation of Invariant Subspaces for Large Bifurcation Problems},
  Number = {EECS-2006-13},
  Institution = {UC Berkeley Computer Science Division},
  Month = {February},
  Year = {2006},
  status = {unrefereed},
  submit = {Appeared in SIAM Journal on Scientific Computing in 2008.}
}

@inproceedings{2005-sensors,
  Author = {Koyama, Tsuyoshi and Bindel, David and He, Wei and
            Quevy, Emmanuel and Demmel, James and Govindjee, Sanjay and
            Howe, Roger},
  Title = {Simulation Tools for Damping in High Frequency Resonators},
  Booktitle = {Proceedings of IEEE SENSORS 2005},
  Month = {November},
  Year = {2005},
  doi = {10.1109/ICSENS.2005.1597708}
}

@article{2005-ijnme,
  Author = {Bindel, David and Govindjee, Sanjay},
  Title = {Elastic {PMLs} for Resonator Anchor Loss Simulation},
  Journal = {International Journal for Numerical Methods in Engineering},
  Volume = {64},
  Number = {6},
  Pages = {789--818},
  Month = {October},
  Year = {2005},
  doi = {10.1002/nme.1394}
}

@inproceedings{2005-sigcomm,
  Author = {Zhao, Yao and Chen, Yan and Bindel, David},
  Title = {Scalable and Deterministic Overlay Network Diagnosis},
  Booktitle = {Proceedings of ACM SIGCOMM 2005 (poster)},
  Year = {2005}
}

@techreport{2005-compan,
  Author = {Bindel, David and Chandresekaran, Shivkumar and
            Demmel, James and Garmire, David and Gu, Ming},
  Title = {A Fast and Stable Nonsymmetric Eigensolver for
           Certain Structured Matrices},
  Month = {May},
  Year = {2005},
  status = {unrefereed}
}

@inproceedings{2005-iccs,
  Author = {Bindel, David and Demmel, James and Govaerts, Willy and
            Kuznetsov, Yuri},
  Title = {Bifurcation Analysis of Large Equilibrium Systems in {MATLAB}},
  Booktitle = {Proceedings of ICCS 2005},
  Volume = {3514},
  Series = {Springer LNCS},
  Pages = {50--57},
  Month = {April},
  Year = {2005},
  doi = {10.1007/11428831_7}
}

@techreport{2005-pml-tr,
  Author = {Bindel, David and Govindjee, Sanjay},
  Title = {Elastic {PML}s for Resonator Anchor Loss Simulation},
  Number = {UCB/SEMM-2005/01},
  Institution = {Structural Engineering Mechanics and Materials,
                 Department of Civil and Environmental Engineering,
                 University of California, Berkeley},
  Month = {February},
  Year = {2005},
  status = {unrefereed},
  submit = {Appeared in International Journal on Numerical Methods in Engineering in 2005.}
}

@inproceedings{2005-mems,
  Author = {Bindel, David and Quevy, Emmanuel and Koyama, Tsuyoshi and
            Demmel, James and Howe, Roger},
  Title = {Anchor Loss Simulation in Resonators},
  Booktitle = {Proceedings of MEMS 2005},
  Month = {February},
  Year = {2005},
  doi = {10.1109/MEMSYS.2005.1453885}
}

@inproceedings{2004-sigcomm,
  Author = {Chen, Yan and Bindel, David and Song, Hanhee and Katz, Randy},
  Title = {An Algebraic Approach to Practial and Scalable
           Overlay Network Monitoring},
  Booktitle = {Proceedings of ACM SIGCOMM 2004},
  Year = {2004},
  doi = {10.1145/1015467.1015475}
}

@inproceedings{2004-para,
  Author = {Bindel, David and Bai, Zhaojun and Demmel, James},
  Title = {Model Reduction for {RF MEMS} Simulation},
  Booktitle = {Proceedings of PARA 2004},
  Month = {June},
  Year = {2004},
  doi = {10.1007/11558958_34}
}

@inproceedings{2003-imc,
  Author = {Chen, Yan and Bindel, David and Katz, Randy},
  Title = {Tomography-Based Overlay Network Monitoring},
  Booktitle = {Proceedings of ACM SIGCOMM Internet
               Measurement Conference (IMC)},
  Year = {2003},
  doi = {10.1145/948205.948233}
}

@techreport{2003-tomography-tr,
  Author = {Chen, Yan and Bindel, David and Song, Hanhee and Katz, Randy},
  Title = {Tomography-Based Overlay Network Monitoring},
  Number = {CSD-03-1252},
  Institution = {UC Berkeley Computer Science Division},
  Month = {June},
  Year = {2003},
  status = {unrefereed},
  submit = {Appeared in SIGCOMM IMC 2003}
}

@article{2002-toms,
  Author = {Bindel, David and Demmel, James and
            Kahan, William and Marques, Osni},
  Title = {On Computing {Givens} Rotations Reliable and Efficiently},
  Journal = {ACM Transactions on Mathematical Software},
  Volume = {28},
  Number = {2},
  Pages = {206--238},
  Month = {June},
  Year = {2002},
  doi = {10.1145/567806.567809}
}

@inproceedings{2002-mems,
  Author = {Clark, Jason and Bindel, David and Kao, Wayne and
            Zhu, Ernest and Kuo, Andrew and Zhou, Ningning and
            Nie, Jiawang and Demmel, James and Bai, Zhaojun and
            Govindjee, Sanjay and Pister, Kristofer S. J. and
            Gu, Ming and Agogino, Alice},
  Title = {Addressing the Needs of Complex {MEMS} Design},
  Booktitle = {Proceedings of MEMS 2002},
  Month = {January},
  Year = {2002},
  doi = {10.1109/MEMSYS.2002.984240}
}

@inproceedings{2001-icics,
  Author = {Chen, Yan and Bargteil, Adam and Bindel, David and
            Katz, Randy and Kubiatowicz, John},
  Title = {Quantifying Network Denial of Service:
           A Location Service Case Study},
  Booktitle = {Proceedings of the International Conference on
               Information and Communications Security (ICICS)},
  Volume = {2229},
  Series = {LNCS},
  Publisher = {Springer},
  Pages = {340--351},
  Month = {November},
  Year = {2001},
  doi = {10.1007/3-540-45600-7_37}
}

@inproceedings{2001-sugar,
  Author = {Clark, Jason and Bindel, David and Zhou, Ningning and
            Bhave, Sunil and Bai, Zhaojun and Demmel, James and
            Pister, Kristofer S. J.},
  Title = "{SUGAR}: Advancements in a 3D Multi-Domain Simulation Package for {MEMS}",
  Booktitle = {Proceedings of the Microscale Systems:
               Mechanics and Measurements Symposium},
  Month = {June},
  Year = {2001}
}

@inproceedings{2001-msm,
  Author = {Bai, Zhaojun and Bindel, David and Clark, Jason and
            Zhou, Ningning and Demmel, James and Pister, Kristofer S. J.},
  Title = "New Numerical Techniques and Tools in {SUGAR} for {3D MEMS} Simulation",
  Booktitle = {Proceedings of the Fourth International Conference on
               Modeling and Simulation of Microsystems (MSM)},
  Month = {March},
  Year = {2001}
}

@techreport{2001-givens,
  Author = {Bindel, David and Demmel, James and
            Kahan, William and Marques, Osni},
  Title = {On Computing {Givens} Rotations Reliable and Efficiently},
  Institution = {LAPACK Working Notes},
  Number = {128},
  Month = {January},
  Year = {2001},
  status = {unrefereed},
  submit = {Appeared in ACM Transactions on Mathematical Software in 2002.}
}

@inproceedings{2000-asplos,
  Author = {John Kubiatowicz and Bindel, David and Yan Chen and
            Steven Czerwinski and Patrick Eaton and Dennis Geels and
            Ramakrishna Gummadi and Sean Rhea and Hakim Weatherspoon and
            Westley Weimer and Chris Wells and Ben Zhao},
  Title = {{OceanStore}: An Architecture for Global-Scale Persistent Storage},
  Booktitle = {Procedings of the Ninth International Conference on
               Architectural Support for Programming Languages and
               Operating Systems (ASPLOS 2000)},
  Month = {November},
  Year = {2000},
  doi = {10.1145/356989.357007},
  notable = {ASPLOS Most Influential Paper Award 2018}
}

@inproceedings{2000-mems,
  Author = {Clark, Jason and Zhou, Ningning and Bindel, David and
            Schenato, Luca and Wu, W. and Demmel, James and
            Pister, Kristofer S. J.},
  Title = "{3D} {MEMS} Simulation Modeling Using Modified Nodal Analysis",
  Booktitle = {Proceedings of the Microscale Systems:
               Mechanics and Measurements Symposium},
  Pages = {68--75},
  Month = {June},
  Year = {2000}
}

@techreport{2000-oceanstore-tr,
  Author = {John Kubiatowicz and Bindel, David and Yan Chen and
            Steven Czerwinski and Patrick Eaton and Dennis Geels and
            Ramakrishna Gummadi and Sean Rhea and Hakim Weatherspoon and
            Westley Weimer and Chris Wells and Ben Zhao},
  Title = "{OceanStore}: An Architecture for Global-Scale Persistent Storage",
  Number = {CSD-00-1102},
  Institution = {UC Berkeley Computer Science Division},
  Month = {March},
  Year = {2000},
  status = {unrefereed},
  submit = {Appeared in ASPLOS 2000.}
}
